<record><leader>00000cas a2200000 a 4500</leader><controlfield tag="001">5686672</controlfield><controlfield tag="008">791112d19321997cauwn ne      0   b0por c</controlfield><controlfield tag="009">781</controlfield><datafield ind1=" " ind2=" " tag="010"><subfield code="a">sn 83045804 </subfield></datafield><datafield ind1=" " ind2=" " tag="040"><subfield code="a">CLU</subfield><subfield code="b">eng</subfield><subfield code="c">CLU</subfield><subfield code="d">UCU</subfield><subfield code="d">NPW</subfield><subfield code="d">NSD</subfield><subfield code="d">NPW</subfield><subfield code="d">OCL</subfield><subfield code="d">CNK</subfield><subfield code="d">CRL</subfield><subfield code="d">OCL</subfield><subfield code="d">OCLCQ</subfield><subfield code="d">IXA</subfield><subfield code="d">OCLCQ</subfield><subfield code="d">OCLCF</subfield></datafield><datafield ind1=" " ind2=" " tag="012"><subfield code="m">y</subfield></datafield><datafield ind1="0" ind2=" " tag="022"><subfield code="a">8756-2200</subfield><subfield code="l">8756-2200</subfield><subfield code="y">0032-5163</subfield><subfield code="2">1</subfield></datafield><datafield ind1="1" ind2=" " tag="029"><subfield code="a">AU@</subfield><subfield code="b">000025818287</subfield></datafield><datafield ind1=" " ind2=" " tag="032"><subfield code="a">702640</subfield><subfield code="b">USPS</subfield></datafield><datafield ind1="0" ind2=" " tag="041"><subfield code="a">por</subfield><subfield code="a">eng</subfield></datafield><datafield ind1=" " ind2=" " tag="042"><subfield code="a">pcc</subfield><subfield code="a">nsdp</subfield></datafield><datafield ind1=" " ind2=" " tag="043"><subfield code="a">n-us-ca</subfield><subfield code="a">e-po---</subfield><subfield code="a">s-bl---</subfield></datafield><datafield ind1="1" ind2=" " tag="082"><subfield code="a">071</subfield><subfield code="2">11</subfield></datafield><datafield ind1="0" ind2=" " tag="130"><subfield code="a">Jornal portugue&#770;s (Alameda, Calif.)</subfield></datafield><datafield ind1="0" ind2=" " tag="210"><subfield code="a">J. port.</subfield><subfield code="b">(San Pablo Calif.)</subfield></datafield><datafield ind1=" " ind2="0" tag="222"><subfield code="a">Jornal portugue&#769;s</subfield><subfield code="b">(San Pablo, Calif.)</subfield></datafield><datafield ind1="0" ind2="0" tag="245"><subfield code="a">Jornal portugue&#770;s =</subfield><subfield code="b">Portuguese journal.</subfield></datafield><datafield ind1="3" ind2="1" tag="246"><subfield code="a">Portuguese journal</subfield></datafield><datafield ind1=" " ind2=" " tag="260"><subfield code="a">Alameda, Calif :</subfield><subfield code="b">P.L.C. Silveira,</subfield><subfield code="c">[1932-1997]</subfield></datafield><datafield ind1=" " ind2=" " tag="300"><subfield code="a">66 v. :</subfield><subfield code="b">ill. ;</subfield><subfield code="c">45-62 cm.</subfield></datafield><datafield ind1=" " ind2=" " tag="310"><subfield code="a">Weekly (except for first week in Jan. and last week in Dec.),</subfield><subfield code="b">Jan. 10, 1980-Sept. 25, 1997</subfield></datafield><datafield ind1=" " ind2=" " tag="321"><subfield code="a">Weekly,</subfield><subfield code="b">July 1, 1932-Dec. 20, 1979</subfield></datafield><datafield ind1="0" ind2=" " tag="362"><subfield code="a">Ano 1, no. 1 (1 de julho de 1932)-ano 26, no. 1287 (2 de agosto de 1957); 2nd ser., ano 26, no. 1 (9 de agosto de 1957)-2nd ser., no. 2085 (Sept. 25, 1997).</subfield></datafield><datafield ind1=" " ind2=" " tag="500"><subfield code="a">Place of publication varies: Oakland, Calif.; San Pablo, Calif.</subfield></datafield><datafield ind1=" " ind2=" " tag="530"><subfield code="a">Also available on microfilm from Library Photographic Service, University of California, Berkeley.</subfield></datafield><datafield ind1=" " ind2=" " tag="546"><subfield code="a">In Portuguese and English.</subfield></datafield><datafield ind1=" " ind2=" " tag="580"><subfield code="a">Formed by the union of: Jornal de noti&#769;cias (San Francisco, Calif.), and: Colo&#770;nia portugue&#770;sa, and: Imparcial (Sacramento, Calif.).</subfield></datafield><datafield ind1=" " ind2="0" tag="650"><subfield code="a">Portuguese Americans</subfield><subfield code="z">California</subfield><subfield code="v">Newspapers.</subfield></datafield><datafield ind1=" " ind2="0" tag="650"><subfield code="a">Brazilian Americans</subfield><subfield code="z">California</subfield><subfield code="v">Newspapers.</subfield></datafield><datafield ind1=" " ind2="0" tag="651"><subfield code="a">Portugal</subfield><subfield code="v">Newspapers.</subfield></datafield><datafield ind1=" " ind2="0" tag="651"><subfield code="a">Brazil</subfield><subfield code="v">Newspapers.</subfield></datafield><datafield ind1=" " ind2="0" tag="651"><subfield code="a">Alameda County (Calif.)</subfield><subfield code="v">Newspapers.</subfield></datafield><datafield ind1=" " ind2="0" tag="651"><subfield code="a">Contra Costa County (Calif.)</subfield><subfield code="v">Newspapers.</subfield></datafield><datafield ind1=" " ind2="7" tag="655"><subfield code="a">Newspapers.</subfield><subfield code="2">fast</subfield><subfield code="0">(OCoLC)fst01423814</subfield></datafield><datafield ind1=" " ind2="7" tag="650"><subfield code="a">Brazilian Americans.</subfield><subfield code="2">fast</subfield><subfield code="0">(OCoLC)fst00838091</subfield></datafield><datafield ind1=" " ind2="7" tag="650"><subfield code="a">Portuguese Americans.</subfield><subfield code="2">fast</subfield><subfield code="0">(OCoLC)fst01072420</subfield></datafield><datafield ind1=" " ind2="7" tag="651"><subfield code="a">Brazil.</subfield><subfield code="2">fast</subfield><subfield code="0">(OCoLC)fst01206830</subfield></datafield><datafield ind1=" " ind2="7" tag="651"><subfield code="a">California.</subfield><subfield code="2">fast</subfield><subfield code="0">(OCoLC)fst01204928</subfield></datafield><datafield ind1=" " ind2="7" tag="651"><subfield code="a">California</subfield><subfield code="z">Alameda County.</subfield><subfield code="2">fast</subfield><subfield code="0">(OCoLC)fst01205577</subfield></datafield><datafield ind1=" " ind2="7" tag="651"><subfield code="a">California</subfield><subfield code="z">Contra Costa County.</subfield><subfield code="2">fast</subfield><subfield code="0">(OCoLC)fst01206185</subfield></datafield><datafield ind1=" " ind2="7" tag="651"><subfield code="a">Portugal.</subfield><subfield code="2">fast</subfield><subfield code="0">(OCoLC)fst01208476</subfield></datafield><datafield ind1=" " ind2=" " tag="752"><subfield code="a">United States</subfield><subfield code="b">California</subfield><subfield code="c">Alameda</subfield><subfield code="d">Alameda.</subfield></datafield><datafield ind1=" " ind2=" " tag="752"><subfield code="a">United States</subfield><subfield code="b">California</subfield><subfield code="c">Alameda</subfield><subfield code="d">Oakland.</subfield></datafield><datafield ind1=" " ind2=" " tag="752"><subfield code="a">United States</subfield><subfield code="b">California</subfield><subfield code="c">Contra Costa</subfield><subfield code="d">San Pablo.</subfield></datafield><datafield ind1="0" ind2=" " tag="776"><subfield code="c">Microfilm</subfield><subfield code="d">Library Photographic Service, University of California, Berkeley</subfield><subfield code="w">(DLC)sn 83045804</subfield><subfield code="w">(OCoLC)213744652</subfield></datafield><datafield ind1="1" ind2="4" tag="780"><subfield code="t">Jornal de noti&#769;cias (San Francisco, Calif.)</subfield><subfield code="w">(DLC)sn 83045300</subfield><subfield code="w">(OCoLC)10107493</subfield></datafield><datafield ind1="1" ind2="4" tag="780"><subfield code="t">Colo&#770;nia portugue&#770;sa</subfield><subfield code="w">(DLC)sn 92069492</subfield><subfield code="w">(OCoLC)26921561</subfield></datafield><datafield ind1="1" ind2="4" tag="780"><subfield code="t">Imparcial (Sacramento, Calif.)</subfield><subfield code="w">(DLC)sn 83045238</subfield><subfield code="w">(OCoLC)9369460</subfield></datafield></record>